@ONLINE{RSL,
	author = {RSL},
	title = {The Sakai Laboratory},
	url = {http://www.f.waseda.jp/tetsuya/},
	note = {Last updated: 9th March, 2017}
}
